% Encoding: UTF-8
%@incollection 类型 这些专业术语的英语对应的中文，详见 /e/AllSoftwareCourse/latex/biblatex.pdf
%@incollection 类型对应于 GB/T 7714–2005 中所指的“专著中的析出文献”，其支持的常见别名包括
%@bookinbook、@conference、@inbook、@inproceedings。
%@incollection 类条目必需的基本字段为 title 以及 booktitle。
%BibTeX wikipedia: @inproceedings 会议论文集中的一篇 必要域: author, title, booktitle, year. 可选域: editor, volume/number, series, pages, address, month, organization, publisher, note.
@article{quanjing,
author={曲安京},
title={商高、赵爽珝刘微关于勾股定理的证明},
journal={数学传播},
year={1998},
volume={20},
number={3}
}

@article{lowe2004distinctive,
  title={{Distinctive image features from scale-invariant keypoints[J]}},
  author={Lowe, David G.},
  journal={International journal of computer vision},
  volume={60},
  number={2},
  pages={91--110},
  year={2004}
}
@article{lindeberg1994scale,
  title={{Scale-space theory: A basic tool for analyzing structures at different scales[J]}},
  author={Lindeberg, Tony},
  journal={Journal of applied statistics},
  volume={21},
  number={2},
  pages={225--270},
  year={1994}
}


@article{bentley1975multidimensional,
  title={{Multidimensional binary search trees used for associative searching[J]}},
  author={Bentley, Jon Louis},
  journal={Communications of the ACM},
  volume={18},
  number={9},
  pages={509--517},
  year={1975}
}
@article{lee1977worst,
  title={{Worst-case analysis for region and partial region searches in multidimensional binary search trees and balanced quad trees[J]}},
  author={Lee, Der-Tsai and Wong, CK},
  journal={Acta Informatica},
  volume={9},
  number={1},
  pages={23--29},
  year={1977},
  publisher={Springer}
}
@article{liuyuanlin2015,
  title={{红外热成像检测技术研究现状及发展趋势[J]}},
  author={{刘元林,梅晨,唐庆菊,芦玉梅}},
  journal={机械设计与制造},
  year={2015},
  number={6},
  pages={260--266}
}
@article{luyuanyuan2015,
  title={{基于SIFT算法的红外图像拼接方法改进[J]}},
  author={{陆园园,张明}},
  journal={计算机系统应用},
  year={2015},
  volume={24},
  number={8},
  pages={165--170}
}
@article{dongdaoguo,
  title={{多维数据索引结构回顾[J]}},
  author={{董道国,薛向阳,罗航哉}},
  journal={计算机科学},
  year={2002},
  volume={29},
  number={3},
  pages={1--6}
}
@article{wangqiang2011,
  title={{基于SIFT算法的双目立体视觉中图像匹配研究[J]}},
  author={{王强,韩雅菲,赵润鹏}},
  journal={机械工程与自动化},
  year={2011},
  number={5},
  pages={41--45}
}
@article{lixiaohuiZhangzhongheng,
  title={{人体表面温度分布与内部病灶特征的研究[J]}},
  author={{李晓会,张忠恒,魏臻}},
  journal={生命科学仪器},
  year={2007},
  volume={5},
  number={12},
  pages={32--34}
}
@article{liufangjie,
  title={{度量空间中高维索引结构回顾[J]}},
  author={{刘芳洁,董道国,薛向阳}},
  journal={计算机科学},
  year={2003},
	volume={30},
	number={7},
	pages={64--68}
}

@article{hoare1962quicksort,
  title={Quicksort},
  author={A, B and C, D },
  journal={The Computer Journal},
  volume={5},
  number={1},
  pages={10--16},
  year={1962},
  publisher={Br Computer Soc}
}

@article{luchaoliang2014,
	title={{改进的SIFT特征匹配算法[J]}},
	author={{卢朝梁,马丽华,陈豪}},
	journal={空军工程大学学报（自然科学版）},
	volume={15},
	number={1},
	pages={72--76},
	year={2014}
}
@article{burt1983multiresolution,
  title={{A multiresolution spline with application to image mosaics[J]}},
  author={Burt, Peter J and Adelson, Edward H},
  journal={ACM Transactions on Graphics (TOG)},
  volume={2},
  number={4},
  pages={217--236},
  year={1983}
}


@article{zagrouba2009efficient,
  title={{An efficient image-mosaicing method based on multifeature matching[J]}},
  author={Zagrouba, Ezzeddine and Barhoumi, Walid and Amri, Slim},
  journal={Machine Vision and Applications},
  volume={20},
  number={3},
  pages={139--162},
  year={2009}
    %  publisher={Springer}
}
@article{chen2014optimization,
  title={{An optimization method for registration and mosaicking of remote sensing images[J]}},
  author={Chen, Jinwei and Feng, Huajun and Pan, Kecheng and Xu, Zhihai and Li, Qi},
  journal={Optik-International Journal for Light and Electron Optics},
  volume={125},
  number={2},
  pages={697--703},
  year={2014},
  publisher={Elsevier}
}
@article{fischler1981random,
  title={{Random sample consensus: a paradigm for model fitting with applications to image analysis and automated cartography[J]}},
  author={Fischler, Martin A. and Bolles, Robert C.},
  journal={Communications of the ACM},
  volume={24},
  number={6},
  pages={381--395},
  year={1981},
  publisher={ACM}
}
@article{yangxiaomin2009,
  title={{图像特征点提取及匹配技术[J]}},
  author={{杨晓敏, 吴炜, 卿粼波,等}},
  journal={光学精密工程},
  volume={17},
  number={9},
  pages={2276--2282},
  year={2009}
}
@article{xuweiye2003,
  title={{小波图像边界处理方法的研究[J]}},
  author={{徐伟业,虞相宾}},
  journal={计算机应用与软件},
  volume={20},
  number={3},
  pages={35--37},
  year={2003}
}


@article{bay2008speeded,
  title={{Speeded-Up Robust Features (SURF)[J]}},
  author={Bay, Herbert and Ess, Andreas and Tuytelaars, Tinne and Van Gool, Luc},
  journal={Computer vision and image understanding},
  volume={110},
  number={3},
  pages={346--359},
  year={2008},
  publisher={Elsevier}
}
@article{yaowei2010,
	title={{改进的基于特征点匹配的图像拼接算法[J]}},
	author={{姚伟,胡茂海,秦晅,等}},
	journal={红外技术},
	volume={32},
	number={5},
	pages={288--290},
	year={2010}
}
@article{lixiaoming2007,
	title={{一种基于学习的自动图像配准检验方法[J]}},
	author={{李晓明,张继福}},
	journal={自动化学报},
	volume={34},
	number={1},
	pages={7--13},
	year={2007}
}
@article{zhaoxiangyang2004,
	title={{一种全自动稳健的图像拼接融合算法[J]}},
	author={{赵向阳,杜利民}},
	journal={中国图象图形学报},
  volume={9},
  number={4},
  pages={417--422},
  year={2004}
}

@article{wangxiaorui1997,
  title={{遥感多图象的自动配准方法[J]}},
  author={{王小睿,吴信才}},
  journal={中国图象图形学报},
  volume={2},
  number={10},
  pages={735--739},
  year={1997}
}
@article{milgram1975computer,
  title={{Computer methods for creating photomosaics[J]}},
  author={Milgram, David L},
  journal={IEEE Transactions on Computers},
  volume={100},
  number={11},
  pages={1113--1119},
  year={1975},
  publisher={IEEE}
}
@book{friedman1975algorithm,
  title={An algorithm for finding best matches in logarithmic time},
  author={Friedman, Jerome H and Bentley, Jon Louis and Finkel, Raphael A},
  year={1975},
  publisher={Department of Computer Science, Stanford University}
}
@book{cormen2009introduction,
  title={Introduction to algorithms},
  author={Cormen, Thomas H. and Leiserson, Charles E. and Rivest, Ronald L. and Stein, Clifford},
  year={{2009, 152--164}},
  address={Massachusetts},
  publisher={MIT press}
}

@book{wangguijin2010,
  title={图像局部不变性特征与描述},
  author={{王永明,王贵锦}},
  address= {北京},
  year={{2010,151--152}},
  publisher={国防工业出版社}
}

@book{hexingcai,
	title={概率论与数理统计},
	publisher={科学出版社},
	address={北京},
	author={{贺兴才,童品苗,王纪林,等}},
	year={2000}
}
@book{zhangxin,
	title={概率统计辅导},
	publisher={科学技术文献出版社},
	address={北京},
	author={章昕},
	year={2000}
}
@book{sheddon,
	author={{Shedddon Ross著. 赵选民译}},
	title={概率论基础教程},
	address={北京},
	publisher={机械工业出版社},
	year={2000}
}

@inproceedings{kuglin1975phase,
  title={{The phase correlation image alignment method[J]}},
  author={Kuglin, C. D. and Hines, D. C.},
  booktitle={Proc. Int. Conf. on Cybernetics and Society, 1975},
  pages={163--165},
  year={1975}
}
@inproceedings{harris1988combined,
  title={{A combined corner and edge detector[J]}},
  author={Harris, Chris and Stephens, Mike},
  booktitle={Alvey vision conference},
  pages={10--5244},
  year={1988}
}
@inproceedings{beis1997shape,
  title={{Shape indexing using approximate nearest-neighbour search in high-dimensional spaces[J]}},
  author={Beis, Jeffrey S and Lowe, David G},
  booktitle={1997 IEEE Computer Society Conference on Computer Vision and Pattern Recognition},
  pages={1000--1006},
  year={1997}
    %  organization={IEEE}
}
@inproceedings{chum2005matching,
  title={{Matching with PROSAC-progressive sample consensus[J]}},
  author={Chum, Ondrej and Matas, Jiri},
  booktitle={2005 IEEE Computer Society Conference on Computer Vision and Pattern Recognition},
  pages={220--226},
  year={2005}
}


@incollection{xin2007automatic,
  title={{Automatic Generation of Remote Sensing Image Mosaics for Mapping Large Natural Hazards Areas[J]}},
  author={Xin, Yubin and Li, Jonathan and Cheng, Qiuming},
  booktitle={Geomatics solutions for disaster management},
  pages={61--73},
  year={2007},
  publisher={Springer}
}
@phdthesis{xiangke2013,
  author       = {向可}, 
  title        = {仿人眼尺度自动选择理论和应用研究},
  school       = {浙江大学},
  year         = {2013}
}

@mastersthesis{wangcongcong2011,
  author       = {王聪聪}, 
  title        = {{基于膝关节病变区红外图像的分析研究[D]}},
  school       = {河北科技大学},
  year         = {2011}
}


@mastersthesis{lixiaohui2007,
  author       = {李晓会}, 
  title        = {{利用红外热像诊断人体内部病灶机理的研究[D]}},
  school       = {天津理工大学},
  year         = {2007}
}
@mastersthesis{liwenyong2006,
  author       = {李文永}, 
  title        = {{红外图像实时增强处理技术研究[D]}},
  school       = {南京理工大学},
  year         = {2006}
}

@mastersthesis{yangzheng2009,
  author       = {杨郑}, 
  title        = {{基于块匹配和特征点匹配的图像拼接算法研究[D]}},
  school       = {西南交通大学},
  year         = {2009}
}

@mastersthesis{xuzhixi2013,
  author       = {徐止喜}, 
  title        = {{基于匹配的图像拼接关键技术研究与实现[D]}},
  school       = {电子科技大学},
  year         = {2013}
}

@mastersthesis{wangfei,
  author       = {王菲}, 
  title        = {{一种改进的红外图像配准拼接算法研究[D]}},
  school       = {兰州大学},
  year         = {2014}
}
@mastersthesis{hagongda,
  author       = {孟德剑}, 
  title        = {{基于SIFT算法的激光雷达图像拼接算法研究[D]}},
  school       = {哈尔滨工业大学},
  year         = {2014}
}

%  pages={151--152},
